<?xml version="1.0" encoding="UTF-8"?><collection xmlns="http://www.loc.gov/MARC21/slim"><record><leader>00517nam--2200169-u-4500</leader><controlfield tag="001">000055443</controlfield><controlfield tag="002">20161230</controlfield><controlfield tag="005">20161230201052</controlfield><controlfield tag="008">130211s1000------------r-----000-0-eng-d</controlfield><datafield ind1=" " ind2=" " tag="040"><subfield code="a">IFIN-HH</subfield></datafield><datafield ind1=" " ind2=" " tag="080"><subfield code="a">413.232.=3=S</subfield></datafield><datafield ind1="1" ind2=" " tag="100"><subfield code="a">Kobrina, N</subfield></datafield><datafield ind1="1" ind2="0" tag="245"><subfield code="a">Petit dictionnaire pratique francais-russe</subfield><subfield code="b">Kratkii frantuzsko-russkii ucebnii slovari</subfield><subfield code="c">N. kobrina</subfield></datafield><datafield ind1=" " ind2=" " tag="260"><subfield code="a">Moscou</subfield><subfield code="b">Editions D'Etat Des Dictionnaires Etrangers Et Nationaux</subfield><subfield code="c">1963</subfield></datafield><datafield ind1=" " ind2=" " tag="300"><subfield code="a">716P</subfield></datafield><datafield ind1=" " ind2=" " tag="852"><subfield code="a">D.318</subfield><subfield code="c">SLG</subfield></datafield><datafield ind1=" " ind2=" " tag="CAT"><subfield code="a">Sys</subfield><subfield code="c">20130211</subfield><subfield code="h">102834</subfield></datafield></record></collection>